<?xml version="1.0" encoding="UTF-8"?><record xmlns="http://www.loc.gov/MARC21/slim" xmlns:cinclude="http://apache.org/cocoon/include/1.0" xmlns:zs="http://www.loc.gov/zing/srw/">
  <leader>00716cz  a2200181n  4500</leader>
  <controlfield tag="001">nr2004013130</controlfield>
  <controlfield tag="003">DLC</controlfield>
  <controlfield tag="005">20080920080107.0</controlfield>
  <controlfield tag="008">040427n| acannaabn          |b aaa     c</controlfield>
  <datafield tag="010" ind1=" " ind2=" ">
    <subfield code="a">nr2004013130</subfield>
  </datafield>
  <datafield tag="035" ind1=" " ind2=" ">
    <subfield code="a">(OCoLC)oca06360337</subfield>
  </datafield>
  <datafield tag="040" ind1=" " ind2=" ">
    <subfield code="a">NjP-G</subfield>
    <subfield code="b">eng</subfield>
    <subfield code="c">NjP-G</subfield>
    <subfield code="d">OCoLC</subfield>
  </datafield>
  <datafield tag="100" ind1="1" ind2=" ">
    <subfield code="a">Guan, Quan,</subfield>
    <subfield code="d">1955-</subfield>
  </datafield>
  <datafield tag="400" ind1="1" ind2=" ">
    <subfield code="a">Kan, Ken,</subfield>
    <subfield code="d">1955-</subfield>
  </datafield>
  <datafield tag="400" ind1="1" ind2=" ">
    <subfield code="a">関権,</subfield>
    <subfield code="d">1955-</subfield>
  </datafield>
  <datafield tag="667" ind1=" " ind2=" ">
    <subfield code="a">Machine-derived non-Latin script reference project.</subfield>
  </datafield>
  <datafield tag="667" ind1=" " ind2=" ">
    <subfield code="a">Non-Latin script reference not evaluated.</subfield>
  </datafield>
  <datafield tag="670" ind1=" " ind2=" ">
    <subfield code="a">Kindai Nihon no inobēshon, 2003:</subfield>
    <subfield code="b">t.p. (Guan Quan [Chi. r.]; Kan Ken [Jpn. r.]) colophon (r.; b. 1955; native of Shenyang, China; studied at Hitotsubashi Daigaku; assoc. prof., Zhongguo ren min da xue Jing ji xue yuan)</subfield>
  </datafield>
</record>